<?xml version="1.0" encoding="UTF-8"?><record xmlns="http://www.loc.gov/MARC21/slim" xmlns:cinclude="http://apache.org/cocoon/include/1.0" xmlns:zs="http://www.loc.gov/zing/srw/">
  <leader>00466nz  a2200145n  4500</leader>
  <controlfield tag="001">no 95014202 </controlfield>
  <controlfield tag="003">DLC</controlfield>
  <controlfield tag="005">19950325063223.5</controlfield>
  <controlfield tag="008">950324n| acannaab|          |a ana     c</controlfield>
  <datafield tag="010" ind1=" " ind2=" ">
    <subfield code="a">no 95014202 </subfield>
  </datafield>
  <datafield tag="035" ind1=" " ind2=" ">
    <subfield code="a">(OCoLC)oca03801094 </subfield>
  </datafield>
  <datafield tag="040" ind1=" " ind2=" ">
    <subfield code="a">MoSU-L</subfield>
    <subfield code="c">MoSU-L</subfield>
  </datafield>
  <datafield tag="110" ind1="1" ind2="0">
    <subfield code="a">Wisconsin.</subfield>
    <subfield code="b">Circuit Court (Chippewa County)</subfield>
  </datafield>
  <datafield tag="410" ind1="1" ind2="0">
    <subfield code="a">Chippewa County (Wis.).</subfield>
    <subfield code="b">Circuit Court</subfield>
  </datafield>
  <datafield tag="670" ind1=" " ind2=" ">
    <subfield code="a">The business of a trial court, 1959:</subfield>
    <subfield code="b">t.p. (Circuit Court for Chippewa County, Wisconsin)</subfield>
  </datafield>
</record>